<?xml version = "1.0" encoding = "UTF-8"?><record>
    <leader>00000nmm#a2200000#c#4500</leader>
    <controlfield tag="003">DE-605</controlfield>
    <controlfield tag="005">20180629174200.0</controlfield>
    <controlfield tag="007">cr#|||||||||||</controlfield>
    <controlfield tag="008">170608|2017####xx######o##|########spa#c</controlfield>
    <controlfield tag="009">HT019351830</controlfield>
    <controlfield tag="001">990218548080206441</controlfield>
    <datafield tag="035" ind1=" " ind2=" ">
      <subfield code="a">HT019351830</subfield>
    </datafield>
    <datafield tag="035" ind1=" " ind2=" ">
      <subfield code="a">(DE-605)HT019351830</subfield>
    </datafield>
    <datafield tag="035" ind1=" " ind2=" ">
      <subfield code="a">(ALEPHCCHBZ)021854808HBZ01</subfield>
    </datafield>
    <datafield tag="016" ind1="7" ind2=" ">
      <subfield code="a">1073792012</subfield>
      <subfield code="2">OCoLC</subfield>
    </datafield>
    <datafield tag="016" ind1="7" ind2=" ">
      <subfield code="a">9789264277595-es</subfield>
      <subfield code="2">XX-XxUND</subfield>
    </datafield>
    <datafield tag="020" ind1=" " ind2=" ">
      <subfield code="a">9789264277595</subfield>
    </datafield>
    <datafield tag="024" ind1="7" ind2=" ">
      <subfield code="a">10.1787/9789264277595-es</subfield>
      <subfield code="2">doi</subfield>
    </datafield>
    <datafield tag="035" ind1=" " ind2=" ">
      <subfield code="a">(OECD)(FR-PaOEC)9789264277595-es</subfield>
    </datafield>
    <datafield tag="035" ind1=" " ind2=" ">
      <subfield code="a">(OCoLC)1073792012</subfield>
      <subfield code="0">(uri) http://www.worldcat.org/oclc/1073792012</subfield>
    </datafield>
    <datafield tag="035" ind1=" " ind2=" ">
      <subfield code="a">(DE-599)HBZHT019351830</subfield>
    </datafield>
    <datafield tag="040" ind1=" " ind2=" ">
      <subfield code="a">OECD</subfield>
      <subfield code="b">ger</subfield>
      <subfield code="c">OECD</subfield>
      <subfield code="e">rakwb</subfield>
    </datafield>
    <datafield tag="041" ind1=" " ind2=" ">
      <subfield code="a">spa</subfield>
    </datafield>
    <datafield tag="245" ind1="0" ind2="0">
      <subfield code="a">Estudios territoriales de la OCDE. Morelos, M&#233;xico</subfield>
      <subfield code="h">Elektronische Ressource</subfield>
      <subfield code="c">Organisation for Economic Co-operation and Development</subfield>
    </datafield>
    <datafield tag="264" ind1=" " ind2="1">
      <subfield code="a">Paris</subfield>
      <subfield code="b">OECD Publishing</subfield>
      <subfield code="a">Cuernavaca</subfield>
      <subfield code="b">Secretar&#237;a de Hacienda del Estado de Morelos</subfield>
      <subfield code="c">2017</subfield>
    </datafield>
    <datafield tag="300" ind1=" " ind2=" ">
      <subfield code="a">312 p.</subfield>
      <subfield code="b">ill.</subfield>
      <subfield code="c">21x28cm</subfield>
    </datafield>
    <datafield tag="340" ind1=" " ind2=" ">
      <subfield code="a">Online-Ressource</subfield>
    </datafield>
    <datafield tag="710" ind1="2" ind2=" ">
      <subfield code="a">Organisation for Economic Co-operation and Development</subfield>
      <subfield code="4">oth</subfield>
    </datafield>
    <datafield tag="775" ind1="0" ind2="8">
      <subfield code="i">Parallelausgabe</subfield>
      <subfield code="t">OECD Territorial Reviews: Morelos, Mexico</subfield>
      <subfield code="z">9789264267817</subfield>
      <subfield code="9">F:775</subfield>
    </datafield>
    <datafield tag="856" ind1="4" ind2=" ">
      <subfield code="u">http://dx.doi.org/10.1787/9789264277595-es</subfield>
      <subfield code="x">Resolving-System</subfield>
    </datafield>
    <datafield tag="912" ind1=" " ind2=" ">
      <subfield code="a">ZDB-13-SOC</subfield>
      <subfield code="a">ZDB-13-SOC-ebook</subfield>
    </datafield>
    <datafield tag="964" ind1="0" ind2="s">
      <subfield code="F">030</subfield>
      <subfield code="A">a|1uc||||||37</subfield>
    </datafield>
    <datafield tag="964" ind1="0" ind2="s">
      <subfield code="F">050</subfield>
      <subfield code="A">||||||||g|||||</subfield>
    </datafield>
    <datafield tag="964" ind1="0" ind2="s">
      <subfield code="F">051</subfield>
      <subfield code="A">m|||||||</subfield>
    </datafield>
    <datafield tag="964" ind1="0" ind2="s">
      <subfield code="V">LAL</subfield>
      <subfield code="a">DUE</subfield>
      <subfield code="b">X0001</subfield>
    </datafield>
    <datafield tag="964" ind1="0" ind2="s">
      <subfield code="V">LAL</subfield>
      <subfield code="a">EDU</subfield>
      <subfield code="b">D0001</subfield>
      <subfield code="b">E0001</subfield>
    </datafield>
    <datafield tag="964" ind1="0" ind2="s">
      <subfield code="V">LAL</subfield>
      <subfield code="a">FUH</subfield>
      <subfield code="b">F0001</subfield>
    </datafield>
    <datafield tag="964" ind1="0" ind2="s">
      <subfield code="V">LAL</subfield>
      <subfield code="a">KHTIT</subfield>
      <subfield code="b">Z9039</subfield>
    </datafield>
    <datafield tag="964" ind1="0" ind2="s">
      <subfield code="V">LAL</subfield>
      <subfield code="a">KLU</subfield>
      <subfield code="b">R3001</subfield>
    </datafield>
    <datafield tag="964" ind1="0" ind2="s">
      <subfield code="V">LAL</subfield>
      <subfield code="a">KOL</subfield>
      <subfield code="b">RL001</subfield>
      <subfield code="b">RL002</subfield>
    </datafield>
    <datafield tag="964" ind1="0" ind2="s">
      <subfield code="V">LAL</subfield>
      <subfield code="a">LUTIT</subfield>
      <subfield code="b">R5001</subfield>
    </datafield>
    <datafield tag="964" ind1="0" ind2="s">
      <subfield code="V">LAL</subfield>
      <subfield code="a">PAD</subfield>
      <subfield code="b">P0001</subfield>
    </datafield>
    <datafield tag="964" ind1="0" ind2="s">
      <subfield code="V">LAL</subfield>
      <subfield code="a">WUP</subfield>
      <subfield code="b">W0001</subfield>
    </datafield>
    <datafield tag="MBD" ind1=" " ind2=" ">
      <subfield code="M">49HBZ_NETWORK</subfield>
      <subfield code="i">990218548080206441</subfield>
      <subfield code="n">HBZ Network</subfield>
    </datafield>
    <datafield tag="MBD" ind1=" " ind2=" ">
      <subfield code="M">49HBZ_WUP</subfield>
      <subfield code="i">990014841580206447</subfield>
      <subfield code="n">Bergische Universit&#228;t Wuppertal</subfield>
    </datafield>
    <datafield tag="775" ind1="0" ind2="8">
      <subfield code="i">Parallelausgabe</subfield>
      <subfield code="t">OECD Territorial Reviews: Morelos, Mexico</subfield>
      <subfield code="z">9789264267817</subfield>
      <subfield code="9">F:775</subfield>
      <subfield code="M">49HBZ_WUP</subfield>
    </datafield>
    <datafield tag="MBD" ind1=" " ind2=" ">
      <subfield code="M">49HBZ_UBD</subfield>
      <subfield code="i">991007414949706445</subfield>
      <subfield code="n">Technische Universitaet Dortmund</subfield>
    </datafield>
    <datafield tag="775" ind1="0" ind2="8">
      <subfield code="i">Parallelausgabe</subfield>
      <subfield code="t">OECD Territorial Reviews: Morelos, Mexico</subfield>
      <subfield code="z">9789264267817</subfield>
      <subfield code="9">F:775</subfield>
      <subfield code="M">49HBZ_UBD</subfield>
    </datafield>
    <datafield tag="980" ind1="1" ind2=" ">
      <subfield code="9">LOCAL</subfield>
      <subfield code="a">hbzebo_oecd</subfield>
      <subfield code="e">HBZ</subfield>
      <subfield code="M">49HBZ_UBD</subfield>
    </datafield>
    <datafield tag="981" ind1=" " ind2=" ">
      <subfield code="9">LOCAL</subfield>
      <subfield code="a">(DE-290)1621728</subfield>
      <subfield code="M">49HBZ_UBD</subfield>
    </datafield>
    <datafield tag="997" ind1=" " ind2=" ">
      <subfield code="9">LOCAL</subfield>
      <subfield code="a">20170608</subfield>
      <subfield code="M">49HBZ_UBD</subfield>
    </datafield>
    <datafield tag="MBD" ind1=" " ind2=" ">
      <subfield code="M">49HBZ_UDE</subfield>
      <subfield code="i">990187322230206446</subfield>
      <subfield code="n">Universitat Duisburg-Essen</subfield>
    </datafield>
    <datafield tag="775" ind1="0" ind2="8">
      <subfield code="i">Parallelausgabe</subfield>
      <subfield code="t">OECD Territorial Reviews: Morelos, Mexico</subfield>
      <subfield code="z">9789264267817</subfield>
      <subfield code="9">F:775</subfield>
      <subfield code="M">49HBZ_UDE</subfield>
    </datafield>
    <datafield tag="MBD" ind1=" " ind2=" ">
      <subfield code="M">49HBZ_BIE</subfield>
      <subfield code="i">991020323889706442</subfield>
      <subfield code="n">Universit&#228;t Bielefeld</subfield>
    </datafield>
    <datafield tag="775" ind1="0" ind2="8">
      <subfield code="i">Parallelausgabe</subfield>
      <subfield code="t">OECD Territorial Reviews: Morelos, Mexico</subfield>
      <subfield code="z">9789264267817</subfield>
      <subfield code="9">F:775</subfield>
      <subfield code="M">49HBZ_BIE</subfield>
    </datafield>
    <datafield tag="980" ind1="1" ind2=" ">
      <subfield code="9">LOCAL</subfield>
      <subfield code="a">hbzebo_oecd</subfield>
      <subfield code="e">HBZ</subfield>
      <subfield code="M">49HBZ_BIE</subfield>
    </datafield>
    <datafield tag="981" ind1=" " ind2=" ">
      <subfield code="9">LOCAL</subfield>
      <subfield code="a">(DE-361)2501350</subfield>
      <subfield code="M">49HBZ_BIE</subfield>
    </datafield>
    <datafield tag="997" ind1=" " ind2=" ">
      <subfield code="9">LOCAL</subfield>
      <subfield code="a">20170608</subfield>
      <subfield code="M">49HBZ_BIE</subfield>
    </datafield>
    <datafield tag="MBD" ind1=" " ind2=" ">
      <subfield code="M">49HBZ_DUE</subfield>
      <subfield code="i">990038486550206443</subfield>
      <subfield code="n">Universit&#228;t D&#252;sseldorf</subfield>
    </datafield>
    <datafield tag="775" ind1="0" ind2="8">
      <subfield code="i">Parallelausgabe</subfield>
      <subfield code="t">OECD Territorial Reviews: Morelos, Mexico</subfield>
      <subfield code="z">9789264267817</subfield>
      <subfield code="9">F:775</subfield>
      <subfield code="M">49HBZ_DUE</subfield>
    </datafield>
    <datafield tag="980" ind1="1" ind2=" ">
      <subfield code="b">hbzebo_oecd</subfield>
      <subfield code="9">LOCAL</subfield>
      <subfield code="M">49HBZ_DUE</subfield>
    </datafield>
    <datafield tag="MNG" ind1=" " ind2=" ">
      <subfield code="f">ILS</subfield>
      <subfield code="i">marc21</subfield>
      <subfield code="k">01</subfield>
      <subfield code="e">false</subfield>
      <subfield code="g">021854808-HBZ01</subfield>
      <subfield code="j">60</subfield>
      <subfield code="a">import</subfield>
      <subfield code="b">2020-07-16 18:30:21 Europe/Berlin</subfield>
    </datafield>
    <datafield tag="POR" ind1=" " ind2=" ">
      <subfield code="x">System</subfield>
      <subfield code="a">5350403350006447</subfield>
      <subfield code="M">49HBZ_WUP</subfield>
      <subfield code="c">static</subfield>
      <subfield code="y">2020-07-02 06:22:06 Europe/Berlin</subfield>
      <subfield code="w">2020-07-02 06:22:02 Europe/Berlin</subfield>
      <subfield code="D">https://eu04.alma.exlibrisgroup.com/view/uresolver/49HBZ_NETWORK/openurl?u.ignore_date_coverage=true&amp;portfolio_pid=5350403350006447&amp;Force_direct=true</subfield>
      <subfield code="v">P2E_JOB</subfield>
      <subfield code="z">2020-07-02 04:22:02</subfield>
      <subfield code="i">false</subfield>
      <subfield code="g">W0001</subfield>
      <subfield code="S">5250403360006447</subfield>
      <subfield code="d">e?u.ignore_date_coverage=true&amp;rft.mms_id=990014841580206447</subfield>
      <subfield code="b">Available</subfield>
      <subfield code="f">DOCUMENT</subfield>
      <subfield code="8">5350403350006447</subfield>
    </datafield>
    <datafield tag="POR" ind1=" " ind2=" ">
      <subfield code="x">System</subfield>
      <subfield code="a">5373079290006445</subfield>
      <subfield code="M">49HBZ_UBD</subfield>
      <subfield code="c">static</subfield>
      <subfield code="y">2020-07-23 13:04:35 Europe/Berlin</subfield>
      <subfield code="w">2020-07-23 13:04:28 Europe/Berlin</subfield>
      <subfield code="D">https://eu04.alma.exlibrisgroup.com/view/uresolver/49HBZ_NETWORK/openurl?u.ignore_date_coverage=true&amp;portfolio_pid=5373079290006445&amp;Force_direct=true</subfield>
      <subfield code="v">P2E_JOB</subfield>
      <subfield code="z">2020-07-23 11:04:28</subfield>
      <subfield code="i">false</subfield>
      <subfield code="S">5273079300006445</subfield>
      <subfield code="d">e?u.ignore_date_coverage=true&amp;rft.mms_id=991007414949706445</subfield>
      <subfield code="b">Available</subfield>
      <subfield code="f">BOOK</subfield>
      <subfield code="8">5373079290006445</subfield>
    </datafield>
    <datafield tag="POR" ind1=" " ind2=" ">
      <subfield code="x">System</subfield>
      <subfield code="a">5387456750006446</subfield>
      <subfield code="M">49HBZ_UDE</subfield>
      <subfield code="c">static</subfield>
      <subfield code="y">2020-07-15 14:07:30 Europe/Berlin</subfield>
      <subfield code="w">2020-07-15 14:07:27 Europe/Berlin</subfield>
      <subfield code="D">https://eu04.alma.exlibrisgroup.com/view/uresolver/49HBZ_NETWORK/openurl?u.ignore_date_coverage=true&amp;portfolio_pid=5387456750006446&amp;Force_direct=true</subfield>
      <subfield code="v">P2E_JOB</subfield>
      <subfield code="z">2020-07-15 12:07:27</subfield>
      <subfield code="i">false</subfield>
      <subfield code="g">E0001</subfield>
      <subfield code="S">5287456760006446</subfield>
      <subfield code="d">e?u.ignore_date_coverage=true&amp;rft.mms_id=990187322230206446</subfield>
      <subfield code="b">Available</subfield>
      <subfield code="f">DOCUMENT</subfield>
      <subfield code="8">5387456750006446</subfield>
    </datafield>
    <datafield tag="POR" ind1=" " ind2=" ">
      <subfield code="x">System</subfield>
      <subfield code="a">5387456770006446</subfield>
      <subfield code="M">49HBZ_UDE</subfield>
      <subfield code="c">static</subfield>
      <subfield code="y">2020-07-15 14:07:30 Europe/Berlin</subfield>
      <subfield code="w">2020-07-15 14:07:27 Europe/Berlin</subfield>
      <subfield code="D">https://eu04.alma.exlibrisgroup.com/view/uresolver/49HBZ_NETWORK/openurl?u.ignore_date_coverage=true&amp;portfolio_pid=5387456770006446&amp;Force_direct=true</subfield>
      <subfield code="v">P2E_JOB</subfield>
      <subfield code="z">2020-07-15 12:07:27</subfield>
      <subfield code="i">false</subfield>
      <subfield code="g">D0001</subfield>
      <subfield code="S">5287456780006446</subfield>
      <subfield code="d">e?u.ignore_date_coverage=true&amp;rft.mms_id=990187322230206446</subfield>
      <subfield code="b">Available</subfield>
      <subfield code="f">DOCUMENT</subfield>
      <subfield code="8">5387456770006446</subfield>
    </datafield>
    <datafield tag="POR" ind1=" " ind2=" ">
      <subfield code="x">System</subfield>
      <subfield code="a">5376691530006442</subfield>
      <subfield code="M">49HBZ_BIE</subfield>
      <subfield code="c">static</subfield>
      <subfield code="y">2020-07-23 13:22:04 Europe/Berlin</subfield>
      <subfield code="w">2020-07-23 13:21:59 Europe/Berlin</subfield>
      <subfield code="D">https://eu04.alma.exlibrisgroup.com/view/uresolver/49HBZ_NETWORK/openurl?u.ignore_date_coverage=true&amp;portfolio_pid=5376691530006442&amp;Force_direct=true</subfield>
      <subfield code="v">P2E_JOB</subfield>
      <subfield code="z">2020-07-23 11:21:59</subfield>
      <subfield code="i">false</subfield>
      <subfield code="S">5276691550006442</subfield>
      <subfield code="d">e?u.ignore_date_coverage=true&amp;rft.mms_id=991020323889706442</subfield>
      <subfield code="b">Available</subfield>
      <subfield code="f">BOOK</subfield>
      <subfield code="8">5376691530006442</subfield>
    </datafield>
    <datafield tag="POR" ind1=" " ind2=" ">
      <subfield code="x">System</subfield>
      <subfield code="a">53107805650006443</subfield>
      <subfield code="M">49HBZ_DUE</subfield>
      <subfield code="c">static</subfield>
      <subfield code="y">2020-07-06 17:45:43 Europe/Berlin</subfield>
      <subfield code="w">2020-07-06 17:45:39 Europe/Berlin</subfield>
      <subfield code="D">https://eu04.alma.exlibrisgroup.com/view/uresolver/49HBZ_NETWORK/openurl?u.ignore_date_coverage=true&amp;portfolio_pid=53107805650006443&amp;Force_direct=true</subfield>
      <subfield code="v">P2E_JOB</subfield>
      <subfield code="z">2020-07-06 15:45:39</subfield>
      <subfield code="i">false</subfield>
      <subfield code="g">X0001</subfield>
      <subfield code="S">52107805660006443</subfield>
      <subfield code="d">e?u.ignore_date_coverage=true&amp;rft.mms_id=990038486550206443</subfield>
      <subfield code="b">Available</subfield>
      <subfield code="f">DOCUMENT</subfield>
      <subfield code="8">53107805650006443</subfield>
    </datafield>
  </record>